<record><leader>00000cas a22000007a 4500</leader><controlfield tag="001">23986927</controlfield><controlfield tag="008">910625d19601961mnuer ne      0    0eng d</controlfield><datafield ind1=" " ind2=" " tag="010"><subfield code="a">sn 90059885 </subfield></datafield><datafield ind1=" " ind2=" " tag="040"><subfield code="a">MN#</subfield><subfield code="b">eng</subfield><subfield code="c">MN#</subfield><subfield code="d">OCLCQ</subfield><subfield code="d">OCLCF</subfield><subfield code="d">OCLCO</subfield></datafield><datafield ind1="1" ind2=" " tag="029"><subfield code="a">AU@</subfield><subfield code="b">000025896703</subfield></datafield><datafield ind1=" " ind2=" " tag="042"><subfield code="a">msc</subfield></datafield><datafield ind1=" " ind2=" " tag="043"><subfield code="a">n-us-mn</subfield></datafield><datafield ind1=" " ind2=" " tag="052"><subfield code="a">4144</subfield><subfield code="b">S4:2E3</subfield></datafield><datafield ind1=" " ind2=" " tag="052"><subfield code="a">4143</subfield><subfield code="b">R2</subfield><subfield code="b">W5</subfield></datafield><datafield ind1="0" ind2=" " tag="130"><subfield code="a">Community news (Saint Paul, Minn. : East ed.)</subfield></datafield><datafield ind1="1" ind2="4" tag="245"><subfield code="a">The community news.</subfield></datafield><datafield ind1=" " ind2=" " tag="250"><subfield code="a">East ed.</subfield></datafield><datafield ind1=" " ind2=" " tag="260"><subfield code="a">St. Paul :</subfield><subfield code="b">Community Newspapers, Inc.</subfield></datafield><datafield ind1=" " ind2=" " tag="300"><subfield code="a">v.</subfield></datafield><datafield ind1=" " ind2=" " tag="310"><subfield code="a">Biweekly,</subfield><subfield code="b">&lt;Nov. 23, 1960-Mar. 15, 1961&gt;</subfield></datafield><datafield ind1=" " ind2=" " tag="321"><subfield code="a">Weekly,</subfield><subfield code="b">Aug. 24, 1960-&lt;Oct. 26, 1960&gt;</subfield></datafield><datafield ind1="1" ind2=" " tag="362"><subfield code="a">Began with issue for Aug. 24, 1960; ceased in 1961.</subfield></datafield><datafield ind1=" " ind2=" " tag="500"><subfield code="a">Published weekly for merchants of St. Paul's East Side and the surrounding suburban communities.</subfield></datafield><datafield ind1=" " ind2=" " tag="500"><subfield code="a">Divides into North, Central, and South eds., Dec. 7, 1960-Jan. 4, 1961, then called Community News without an edition designation.</subfield></datafield><datafield ind1=" " ind2=" " tag="530"><subfield code="a">Available on microfilm from the Minnesota Historical Society.</subfield></datafield><datafield ind1=" " ind2=" " tag="588"><subfield code="a">Description based on: Vol. 2, no. 11 (Aug. 31, 1960).</subfield></datafield><datafield ind1=" " ind2="0" tag="651"><subfield code="a">East Saint Paul (Saint Paul, Minn.)</subfield><subfield code="v">Periodicals.</subfield></datafield><datafield ind1=" " ind2="0" tag="651"><subfield code="a">Ramsey County (Minn.)</subfield><subfield code="v">Periodicals.</subfield></datafield><datafield ind1=" " ind2="7" tag="655"><subfield code="a">Periodicals.</subfield><subfield code="2">fast</subfield><subfield code="0">(OCoLC)fst01411641</subfield></datafield><datafield ind1=" " ind2="7" tag="651"><subfield code="a">Minnesota</subfield><subfield code="z">Ramsey County.</subfield><subfield code="2">fast</subfield><subfield code="0">(OCoLC)fst01213443</subfield></datafield><datafield ind1=" " ind2="7" tag="651"><subfield code="a">Minnesota</subfield><subfield code="z">Saint Paul</subfield><subfield code="z">East Saint Paul.</subfield><subfield code="2">fast</subfield><subfield code="0">(OCoLC)fst01318753</subfield></datafield><datafield ind1="0" ind2=" " tag="775"><subfield code="t">Community news (Saint Paul, Minn. : Midway ed.)</subfield><subfield code="w">(DLC)sn 90059884</subfield></datafield><datafield ind1="0" ind2="0" tag="780"><subfield code="t">Community news (Saint Paul, Minn.)</subfield><subfield code="w">(DLC)sn 90059366</subfield></datafield></record>